<?xml version="1.0" encoding="UTF-8"?><collection xmlns="http://www.loc.gov/MARC21/slim"><record><leader>00382nam--2200133-i-4500</leader><controlfield tag="001">000027726</controlfield><controlfield tag="002">20161230</controlfield><controlfield tag="005">20161230201036</controlfield><controlfield tag="008">060222s1000------------r-----000-0-eng-d</controlfield><datafield ind1=" " ind2=" " tag="080"><subfield code="a">621.039.512:681.32:681.3.06</subfield></datafield><datafield ind1=" " ind2=" " tag="100"><subfield code="a">Krinitki, N.A., Kitov, A.I</subfield></datafield><datafield ind1=" " ind2=" " tag="245"><subfield code="a">Masini electronice cifrice si programare. trad.din l.rusa</subfield></datafield><datafield ind1=" " ind2=" " tag="260"><subfield code="a">Bucuresti, Ed.Tehnica, 1963, 526p</subfield></datafield><datafield ind1=" " ind2=" " tag="852"><subfield code="a">18797</subfield></datafield></record></collection>